@book{willard2004general,
  title={General topology},
  author={Willard, Stephen},
  year={2004},
  publisher={Courier Corporation}
}

@article{frank1965totally,
  title={A totally bounded, complete uniform space is compact},
  author={Frank, DL},
  journal={Proceedings of the American Mathematical Society},
  volume={16},
  number={3},
  pages={514},
  year={1965}
}